@article{norm,
  title = "Normalization by Evaluation for Martin-LÃ¶f Type Theory with One Universe ",
  journal = "Electronic Notes in Theoretical Computer Science ",
  volume = "173",
  pages = "17 - 39",
  year = "2007",
  author = "Andreas Abel and Klaus Aehlig and Peter Dybjer",
}
